%
% articles that are not IEEE
%

@article{cottre85,
	author="P. E. Cottrell and E. M. Buturla",
	title="{VLSI} Wiring Capacitance",
	journal="IBM Journal of Research and Development",
	year="1985",
	volume="29",
	number="3",
	pages="277--287",
	month="May"}

@article{ruehli79,
	author="A. E. Ruehli",
	title="Survey of Computer-Aided Electrical Analysis of Integrated
		Circuit Interconnections",
	journal="IBM Journal of Research and Development",
	year="1979",
	volume="23",
	number="6",
	pages="626--639",
	month="November"}

@article{prasha88,
	author="H. Prashad",
	title="Theoretical Evaluation of Impedance, Capacitance and Charge
		Accumulation on Roller-Bearings",
	journal="Wear",
	year="1988",
	volume="125",
	number="3",
	pages="223--239",
	month="August~1,"}

@article{goel88,
	author="A. K. Goel",
	title="Electrode Parasitic Capacitances in Self-Aligned and 
		Deep-Recessed {GaAs} {MESFET}s",
	journal="Solid-State Electronics",
	year="1988",
	volume="31",
	number="10",
	pages="1471--1476",
	month="October"}

@article{uehara86,
	author="M. Uehara",
	title="Green's Functions and Coefficients of Capacitance",
	journal="American Journal of Physics",
	year="1986",
	volume="54",
	number="2",
	pages="184--185",
	month="February"}

@article{rokhli85,
	author="V. Rokhlin",
	title="Rapid Solution of Integral Equations of Classical Potential
		Theory",
	journal="Journal of Computational Physics",
	year="1985",
	volume="60",
	number="2",
	pages="187--207",
	month="September~15,"}

@article{alboue79,
	author="M. S. A. Albouelwafa and E. J. M. Kendall",
	title="Analysis and Design of Helical Capacitance Sensors for Volume
		Fraction Determination",
	journal="Review of Scientific Instuments",
	year="1979",
	volume="50",
	number="7",
	pages="872--878",
	month="July"}

@article{silves71,
	author="P. Silvester and M. S. Hsieh",
	title="Projective Solution of Integral Equations Arising in Electric
		and Magnetic Field Problems",
	journal="Journal of Computational Physics",
	year="1971",
	volume="8",
	number="1",
	pages="73--82",
	month="August"}

@article{silves71a,
	author="P. Silvester and M. S. Hsieh",
	title="Finite-Element Solution of 2-Dimensional Exterior-Field
		Problems",
	journal="Proceedings of the {IEE}",
	year="1971",
	volume="118",
	number="12",
	pages="1743--1747",
	month="December"}

@article{campbe73,
	author="J. B. Campbell and D. Makow",
	title="Calculation of the Capacitance of a Ring Capacitor of 
		Rectangular Cross Section with no Insulating Gaps",
	journal="Journal of Computational Physics",
	year="1973",
	volume="12",
	number="1",
	pages="137--142",
	month="May",
	note="(Note)"}

@article{loh70,
	author="S. C. Loh",
	title="Calculation of the Electric Field and the Capacitance of a 
		Charged  Spherical Bowl by Means of Toroidal Co-ordinates",
	journal="Proceedings of the IEE",
	year="1970",
	volume="117",
	number="3",
	pages="641--645",
	month="March"}

@article{butler80,
	author="C. M. Butler",
	title="Capacitance of a Finite-Length Conducting Cylindrical Tube",
	journal="Journal of Applied Physics",
	year="1980",
	volume="51",
	number="11",
	pages="5607--5609",
	month="November"}

@article{chow82,
	author="Y. L. Chow and Y. F. Lan and D. G. Fang",
	title="Capacitance and Its Upper and Lower Bounds by the Method of
		Optimized Simulated Images",
	journal="Journal of Applied Physics",
	year="1982",
	volume="53",
	number="11",
	pages="7144--7148",
	month="November"}

@article{chow82a,
	author="Y. L. Chow and M. M. Yovanovich",
	title="The Shape Factor of the Capacitance of a Conductor",
	journal="Journal of Applied Physics",
	year="1982",
	volume="53",
	number="12",
	pages="8470--8475",
	month="December"}

@article{erma63,
	author="V. A. Erma",
	title="Pertubation Approach to the Electrostatic Problem for
		Irregularly Shaped Conductors",
	journal="Journal of Applied Physics",
	year="1963",
	volume="4",
	number="12",
	pages="1517--1526",
	month="December"}

@article{tseitl70,
	author="L. A. Tseitlin",
	title="Calculation of the Electric Field and Capacitance of Elongated
		and Flattened Bodies",
	journal="Soviet Physics -- Technical Physics",
	year="1970",
	volume="14",
	number="7",
	pages="872--876",
	month="January"}

@article{shieh78,
	author="A. S. L. Shieh",
	title="On the Convergence of the Conjugate Gradient Method for
		Singular Capacitance Matrix Equations from the Neumann
		Problem of the Poisson Equation",
	journal="Numerische Mathematik",
	year="1978",
	volume="29",
	number="3",
	pages="307--327"}

@article{dryja83,
	author="M. Dryja",
	title="A Finite Element-Capacitance Matrix Method for the Elliptic
		Problem",
	journal="{SIAM} Journal on Numerical Analysis",
	year="1983",
	volume="20",
	number="4",
	month="August",
	pages="671--680"}

@article{nedele76,
	author="J. C. Nedelec",
	title="Curved Finite Element Methods for the Solution of Singular
		Integral Equations on Surfaces in {$R^3$}",
	journal="Computer Methods in Applied Mechanics and Engineering",
	year="1976",
	volume="8",
	number="1",
	pages="61--80",
	month="April-May"}

@article{buzbee71,
	author="B. L. Buzbee and F. W. Dorr and J. A. George and G. H. Golub",
	title="The Direct Solution of the Discrete Poisson Equation on
		Irregular Regions",
	journal="{SIAM} Journal on Numerical Analysis",
	year="1971",
	volume="8",
	number="4",
	pages="722--736",
	month="December"}

@article{lai89,
	author="F. S. Lai",
	title="Coupling Capacitances in {VLSI} Circuits Calculated by
		Multi-Dimensional Discrete Fourier Series",
	journal="Solid-State Electronics",
	year="1989",
	volume="32",
	number="2",
	pages="141--148",
	month="February"}

@inproceedings{yoshid85,
        author="M. Yoshida and T. Takeshima and M. Takada",
        title="Scaled Bit Line Capacitance Analysis Using a 
		Three-Dimensional Simulator",
        booktitle="1985 Symposium on {VLSI} Technology,
		Digest of Technical Papers",
        year="1985",
        pages="66--67",
        month="May"}

@article{alikha86,
	author="R. A. Alikhanyan",
	title="Calculation of the Electrical Capacitance of Single
		Pair Cables with Elliptical Insulation Cross Section",
	journal="Telecommunications and Radio Engineering",
	year="1986",
	volume="40--1",
	number="11",
	pages="13--17",
	month="?"}

@article{bengha88,
	author="A. Benghalia and H. Baudrand and M. Ahmadpanah",
	title="An Accurate Two-Dimensional Approach for Capacitance
		Calculation in Microplanar {MES} Transmission Lines",
	journal="Electronics Letters",
	year="1988",
	volume="24",
	number="16",
	pages="996--998",
	month="?"}

@article{tatevo80,
	author="G. G. Tatevosyan",
	title="Calculation of the Line Capacitance and Electric Field
		of a Balanced Stripline",
	journal="Telecommunications and Radio Engineering",
	year="1980",
	volume="34--5",
	number="2",
	pages="117--119",
	month="?",
	note="(Note)"}

@article{hesten52,
	author="M. R. Hestenes and E. Stiefel",
	title="Methods of Conjugate Gradients for Solving Linear Systems",
	journal="Journal of Research of the National Bureau of Standards",
	year="1952",
	volume="49",
	number="6",
	pages="409--436",
	month="December"}

@article{sonnev89,
	author="P. Sonneveld",
	title="{CGS}, a Fast {Lanczos}-Type Solver for Nonsymmetric Linear
		Systems",
	journal="{SIAM} Journal on Scientific and Statistical Computing",
	year="1989",
	volume="10",
	number="1",
	pages="36--52",
	month="January"}

@article{paige82,
	author="C. C. Paige and M. A. Saunders",
	title="{LSQR}: An Algorithm for Sparse Linear Equations and 
		Sparse Least Squares",
	journal="{ACM} Transactions on Mathematical Software",
	year="1982",
	volume="8",
	number="1",
	pages="43--71",
	month="March"}

@article{saad86,
	author="Y. Saad and M. H. Schultz",
	title="{GMRES}: A Generalized Minimal Residual Algorithm for
		Solving Nonsymmetric Linear Systems",
	journal="{SIAM} Journal on Scientific and Statistical Computing",
	year="1986",
	volume="7",
	number="3",
	pages="856--869",
	month="July"}

@article{oleary80,
	author="D. P. O'Leary",
	title="The Block Conjugate Gradient Algorithm and Related Methods",
	journal="Linear Algebra and Its Applications",
	year="1980",
	volume="29",
	pages="293--322",
	month="February"}

@article{newman86,
	author="J. N. Newman",
	title="Distributions of Sources and Normal Dipoles Over a 
		Quadrilateral Panel",
	journal="Journal of Engineering Mathematics",
	year="1986",
	volume="20",
	number="2",
	pages="113--126"}

@article{devill90,
	author="M. O. Deville and E. H. Mund",
	title="Finite-Element Preconditioning for Pseudo-Spectral
		Solutions of Elliptic Problems",
	journal="{SIAM} Journal on Scientific and Statistical Computing",
	year="1990",
	volume="11",
	number="2",
	pages="311--342",
	month="?"}

@article{fikhma70,
	author="R. F. Fikhamanas and P. S. Fridberg",
	title="Howe Method of Calculating the Capacitance of an Object
		and Its Relation to Variational Principles",
	journal="Soviet Physics---Technical Physics",
	year="1970",
	volume="15",
	number="6",
	pages="1027",
	month="December"}

@article{hackbu89,
	author="W. Hackbusch and Z. P. Nowak",
	title="On the Fast Matrix Multiplication in the Boundary Element
		Method by Panel Clustering",
	journal="Numerische Mathematik",
	year="1989",
	volume="54",
	number="4",
	pages="463--491"}

@unpublished{vavasi,
        author="S. A. Vavasis",
        title="Preconditioning for Boundary Integral Equations",
        note={Submitted to {\em {SIAM} Journal of Matrix Analysis}}}

@article{carrie,
	author="J. Carrier and L. Greengard and V. Rokhlin",
	title="A Fast Adaptive Multipole Algorithm for Particle Simulations",
	journal="{SIAM} Journal on Scientific and Statistical Computing",
	year="1988",
	volume="9",
	number="4",
	pages="669--686",
	month="July"}

@article{greeng87,
	author="L. Greengard and V. Rokhlin",
	title="A Fast Algorithm for Particle Simulations",
	journal="Journal of Computational Physics",
	year="1987",
	volume="73",
	number="2",
	pages="325--348",
	month="December"}

%putatsignhere%article{,
%	author="",
%	title="",
%	journal="",
%	year="19",
%	volume="",
%	number="",
%	pages="",
%	month="",
%%	note=""}

