%
% books, articles in books, only
%
@book{jackso75,
	author="J. D. Jackson",
	title="Classical Electrodynamics",
	publisher="{John Wiley \& Sons}",
	year="1975",
	address="New York",
	edition="second"}

@book{garabe64,
	author="P. R. Garabedian",
	title="Partial Differential Equations",
	publisher="{John Wiley \& Sons}",
	year="1964",
	address="New York"}

@book{greeng88,
	author="L. Greengard",
	title="The Rapid Evaluation of Potential Fields in Particle Systems",
	publisher="{M.I.T. Press}",
	year="1988",
	address="Cambridge, Massachusetts"}

@book{stakgo68ii,
	author="I. Stakgold",
	title="Boundary Value Problems of Mathematical Physics",
	publisher="Macmillan",
	year="1968",
	volume="2",
	address="New York"}

@book{stakgo68i,
	author="I. Stakgold",
	title="Boundary Value Problems of Mathematical Physics",
	publisher="Macmillan",
	year="1968",
	volume="1",
	address="New York"}

@book{lions72,
	author="J. L. Lions and E. Magenes",
	title="Non-Homogeneous Boundary Value Problems 
		and Applications",
	publisher="Springer-Verlag",
	year="1972",
	volume="1",
	address="New York"}

@book{mikhli57,
	author=" S. G. Mikhlin",
	title="Integral Equations and Their Applications to Certain Problems
		in Mechanics, Mathematical Physics and Technology",
	publisher="Pergamon Press",
	year="1957",
	address="New York"}

@book{cranda56,
	author="S. H. Crandall",
	title="Engineering Analysis",
	publisher="{McGraw-Hill}",
	year="1956",
	address="New York"}

@book{finlay72,
	author="B. A. Finlayson",
	title="The Method of Weighted Residuals and Variational Principles",
	publisher="Academic Press",
	year="1972",
	address="New York"}

@book{collat66,
	author="L. Collatz",
	title="The Numerical Treatment of Differential Equations",
	publisher="Springer-Verlag",
	year="1966",
	address="New York",
	edition="third"}

@book{harrin68,
	author="R. F. Harrington",
	title="Field Computation by Moment Methods",
	publisher="{MacMillan}",
	year="1968",
	address="New York"}

@book{bathe82,
	author="K. J. Bathe",
	title="Finite Element Procedures in Engineering Analysis",
	publisher="Prentice-Hall",
	year="1982",
	address="Englewood Cliffs, New Jersey"}

@incollection{wendla88,
	author="W. L. Wendland",
	title="On Assymptotic Error Estimates for Combined {BEM} and {FEM}",
	booktitle="Finite Element and Boundary Element Techniques from
		Mathematical and Engineering Point of View",
	publisher="Springer-Verlag",
	year="1988",
	editor="E. Stein and W. L. Wendland",
	pages="271--333",
	address="Wien"}

@incollection{saad81,
	author="Y. Saad and A. Sameh",
	title="A Parallel Block Stiefel Method for Solving Positive Definite
		Systems",
	booktitle="Elliptic Problem Solvers",
	publisher="Academic Press",
	year="1981",
	editor="M. H. Schultz",
	pages="405--412",
	address="New York"}

@incollection{golber79,
	author="M. A. Golberg",
	title="A Survey of Numerical Methods for Integral Equations",
	booktitle="Solution Methods for Integral Equations",
	publisher="Plenum",
	year="1979",
	editor="M. A. Golberg",
	pages="1--58",
	address="New York"}

@incollection{blum88,
	author="H. Blum",
	title="Numerical Treatment of Corner and Crack Singularities",
	booktitle="Finite Element and Boundary Element Techniques from
		Mathematical and Engineering Point of View",
	publisher="Springer-Verlag",
	year="1988",
	editor="E. Stein and W. L. Wendland",
	pages="171--212",
	address="Wien"}

@incollection{atkins90,
	author="K. E. Atkinson",
	title="A Survey of Boundary Integral Equation Methods for the 
		Numerical Solution of Laplace's Equation in Three Dimensions",
	booktitle="Numerical Solution of Integral Equations",
	publisher="Plenum Press",
	year="1990",
	editor="M. A. Goldberg",
	pages="1--34",
	address="New York"}

@incollection{wendla83,
	author="W. L. Wendland",
	title="Boundary Element Methods and Their Asymptotic Convergence",
	booktitle="Theoretical Acoustics and Numerical Techniques",
	publisher="Springer-Verlag",
	year="1983",
	editor="P. Filippi",
	pages="135--216",
	address="Wein"}

@incollection{hockne70,
	author="R. W. Hockney",
	title="The Potential Calculation and Some Applications",
	booktitle="Methods in Computational Physics, Advances in
			Research and Applications, Plasma Physics",
	publisher="Academic Press",
	year="1970",
	editor="B. Alder and S. Fernbach and M. Rotenberg",
	pages="135--211",
	address="New York"}

@incollection{trefet,
	author="L. N. Trefethen",
	title="Approximation Theory and Numerical Linear Algebra",
	booktitle="Algorithms for Approximation {II}",
	publisher="Chapman and Hall",
	year="1988",
	editor="J. C. Mason and M. G. Cox",
	pages="336--360",
	address="London"}

@book{hobson55,
	author="E. W. Hobson",
	title="The Theory of Spherical and Ellipsoidal Harmonics",
	publisher="Chelsea",
	year="1955",
	address="New York"}

@book{magnus49,
	author="W. Magnus and F. Oberhettinger",
	title="Special Functions of Mathematical Physics",
	publisher="Chelsea",
	year="1949",
	address="New York"}

% Blue Brebbia
@book{brebbi89,
	author="C. A. Brebbia and J. Dominguez",
	title="Boundary Elements: An Introductory Course",
	publisher="Computational Mechanics Publications",
	year="1989",
	address="Southampton",
	note="Co-published with McGraw-Hill, New York"}

% Red Brebbia
@book{brebbi84,
	author="C. A. Brebbia and J. C. F. Telles and L. C. Wrobel",
	title="Boundary Element Techniques",
	publisher="Springer-Verlag",
	year="1984",
	address="Berlin"}

@book{strang88,
	author="G. Strang",
	title="Linear Algebra and Its Applications",
	publisher="Harcourt Brace Jovanovich",
	year="1988",
	address="San Diego",
	edition="third"}

@book{jawson77,
	author="M. A. Jaswon and G. T. Symm",
	title="Integral Equation Methods in Potential Theory and Elastostatics",
	publisher="Academic Press",
	year="1977",
	address="London"}

@book{kellog53,
	author="O. D. Kellogg",
	title="Foundations of Potential Theory",
	publisher="Dover Publications",
	year="1953",
	address="New York",
	note="Reissue of the 1929 edition"}

@book{debnat90,
	author="L. Debnath and P. Mikusi\'{n}ski",
	title="Introduction to Hilbert Spaces with Applications",
	publisher="Academic Press",
	year="1990",
	address="Boston"}

@book{dautra88,
	author="R. Dautray and J. L. Lions",
	title="Mathematical Analysis and Numerical Methods for Science and
		Technology",
	publisher="Springer-Verlag",
	year="1988",
	volume="2",
	address="Berlin"}

@book{couran53,
	author="R. Courant and D. Hilbert",
	title="Methods of Mathematical Physics",
	publisher="Interscience Publishers",
	year="1953",
	volume="1",
	address="New York"}

% this is a good book
@book{kress89,
	author="R. Kress",
	title="Linear Integral Equations",
	publisher="Springer-Verlag",
	year="1989",
	address="Berlin"}

@book{golub89,
	author="G. H. Golub and C. F. Van Loan",
	title="Matrix Computations",
	publisher="The Johns Hopkins University Press",
	year="1989",
	address="Baltimore",
	edition="second"}

@book{dewild90,
	author="P. Dewilde and Z. Q. Ning",
	title="Models for Large Integrated Circuits",
	publisher="Kluwer Academic Publishers",
	year="1990",
	address="Boston"}

@book{gladwe79,
	author="I. Gladwell and R. Wait",
	title="A Survey of Numerical Methods for Partial Differential Equations",
	publisher="Clarendon Press",
	year="1979",
	address="Oxford"}

% has mathematical bent - good for convergence along with Kress
@book{delves85,
	author="L. M. Delves and J. L. Mohamed",
	title="Computational Methods for Integral Equations",
	publisher="Cambridge University Press",
	year="1985",
	address="Cambridge"}

%putatsignhere%book{,
%	author="",
%%	editor="",
%	title="",
%	publisher="",
%	year="",
%%	volume="",
%%	series="",
%%	address="",
%%	edition="",
%%	month="",
%%	note=""
%}

