%
% articles that are ieee
%
@article{nakago88,
	author="Y. Nakagome and M. Aoki and S. Ikenaga and M. Horiguchi
		and S. Kimura and Y. Kawamoto and K. Itoh",
	title="The Impact of Data-Line Interference Noise on {DRAM} Scaling",
	journal="{IEEE} Journal of Solid-State Circuits",
	year="1988",
	volume="23",
	number="5",
	pages="1120--1127",
	month="October"}

@article{konish89,
	author="Y. Konishi and M. Kumanoya and H. Yamasaki and
		K. Dosaka and T. Yoshihara",
	title="Analysis of Coupling Noise Between Adjacent Bit Lines in
		Megabit {DRAM}'s",
	journal="{IEEE} Journal of Solid-State Circuits",
	year="1989",
	volume="24",
	number="1",
	pages="35--42",
	month="February"}

@article{wu88,
	author="R. B. Wu and L. L. Wu",
	title="Exploiting Structure Periodicity and Symmetry in Capacitance
		Calculations for Three-Dimensional Multiconductor Systems",
	journal="{IEEE} Transactions on Microwave Theory and Techniques",
	year="1988",
	volume="36",
	number="9",
	pages="1311--1318",
	month="September"}

@article{wu88a,
	author="R. B. Wu",
	title="Interperiod Capacitance Calculations for Three-Dimensional,
		Multiconductor Systems",
	journal="{IEEE} Transactions on Microwave Theory and Techniques",
	year="1988",
	volume="36",
	number="11",
	pages="1515--1520",
	month="November"}

@article{shigyo89,
	author="N. Shigyo and S. Fukuda and K. Kato",
	title="The Influence of Boundary Locations on Wiring Capacitance
		Simulation",
	journal="{IEEE} Transactions on Electron Devices",
	year="1989",
	volume="36",
	number="6",
	pages="1171--1174",
	month="June"}

@article{singh89,
	author="R. Singh and S. P. Singh and A. B. Bhattacharyya",
	title="A Fast and Area-Efficiency ({\em sic.}) {BWC} Array {D/A} and
		{A/D} Conversion Scheme",
	journal="{IEEE} Transactions on Circuits and Systems",
	year="1989",
	volume="36",
	number="6",
	pages="912--916",
	month="June"}

@article{mccrea75,
	author="J. L. McCreary and P. R. Gray",
	title="All-{MOS} Charge Redistribution Analog-to-Digital Conversion
		Techniques---{Part} {I}",
	journal="{IEEE} Transactions on Circuits and Systems",
	year="1975",
	volume="10",
	number="12",
	pages="371--379",
	month="December"}

@article{taniga85,
	author="H. Tanigawa and T. Ishihara and M. Hirata and K. Suzuki",
	title="{MOS} Integrated Silicon Pressure Sensor",
	journal="{IEEE} Transactions on Electron Devices",
	year="1985",
	volume="32",
	number="7",
	pages="1191--1195",
	month="July"}

@article{chun85,
	author="K. Chun and K. D. Wise",
	title="A High-Performance Silicon Tactile Imager Based on a 
		Capacitive Cell",
	journal="{IEEE} Transactions on Electron Devices",
	year="1985",
	volume="32",
	number="7",
	pages="1196--1201",
	month="July"}

@article{schube85,
	author="P. J. Schubert and J. H. Nevin",
	title="A Polyimide-Based Capacitive Humidity Sensor",
	journal="{IEEE} Transactions on Electron Devices",
	year="1985",
	volume="32",
	number="7",
	pages="1220--1223",
	month="July"}

@article{engan75,
	author="H. Engan",
	title="Surface Acoustic Wave Multielectrode Transducers",
	journal="{IEEE} Transactions on Sonics and Ultrasonics",
	year="1975",
	volume="22",
	number="6",
	pages="395--401",
	month="November"}

@article{panwar86,
	author="B. S. Panwar and A. B. Bhattacharya and E. Dieulesaint",
	title="For Computation of Static Capacitance of Interdigital
		Transducesrs in Multilayered Media",
	journal="{IEEE} Transactions on Ultrasonics, Ferroelectrics and
		Frequency Control",
	year="1986",
	volume="UFFC-33",
	number="4",
	pages="416--420",
	month="July"}

@article{politi88,
	author="M. Politi and G. Macchiarella and G. B. Stracca",
	title="Fast Computation of Static Capacitance for Periodic {SAW} 
		Transducers",
	journal="{IEEE} Transactions on Ultrasonics, Ferroelectrics, and
		Frequency Control",
	year="1988",
	volume="35",
	number="6",
	pages="708--710",
	month="November"}

@article{quine88,
	author="J. P. Quine and H. F. Webster and  Glascock, II, H. H. 
		and R. O. Carlson",
	title="Characterization of Via Connections in Silicon Circuit 
		Boards",
	journal="{IEEE} Transactions on Microwave Theory and Techniques",
	year="1988",
	volume="36",
	number="1",
	pages="21--26",
	month="January"}

@article{wang88,
	author="T. Wang and R. F. Harrington and J. R. Mautz",
	title="Quasi-Static Analysis of a Microstrip Via Through a Hole in
		a Ground Plane",
	journal="{IEEE} Transactions on Microwave Theory and Techniques",
	year="1988",
	volume="36",
	number="6",
	pages="1008--1013",
	month="June"}

@article{silves72,
	author="P. Silvester and P. Benedek",
	title="Equivalent Capacitances of Microstrip Open Circuits",
	journal="{IEEE} Transactions on Microwave Theory and Techniques",
	year="1972",
	volume="20",
	number="8",
	pages="511--516",
	month="August"}

@article{silves72a,
	author="P. Silvester and P. Benedek",
	title="Equivalent Capacitances of Microstrip Gaps and Steps",
	journal="{IEEE} Transactions on  Microwave Theory and Techniques",
	year="1972",
	volume="20",
	number="11",
	pages="729--733",
	month="November"}

@article{silves73,
	author="P. Silvester and P. Benedek",
	title="Microstrip Discontinuity Capacitances for Right-Angle Bends,
		T Junctions, and Crossings",
	journal="{IEEE} Transactions on Microwave Theory and Techniques",
	year="1973",
	volume="21",
	number="5",
	pages="341--346",
	month="May"}

@article{chowdh87,
	author="P. Chowdhuri",
	title="Calculation of Series Capacitance for Transient Analysis of
		Windings",
	journal="{IEEE} Transactions on Power Delivery",
	year="1987",
	volume="2",
	number="1",
	pages="133--139"}

@article{maruva75,
	author="P. S. Maruvada and N. Hytenca",
	title="Capacitance Calculation for Some Basic High-Voltage Electrode
		Configurations",
	journal="{IEEE} Transactions on Power Apparatus and Systems",
	year="1975",
	volume="94",
	number="5",
	pages="1708--1713"}

@article{venema78,
	author="A. Venema and J. J. M. Dekkers and R. F. Humphrye",
	title="Static Capacitance Calculation for a Surface Acoustic
		Wave Interdigital Transducer in Multilayered Media",
	journal="{IEEE} Transactions on Microwave Theory and Techniques",
	year="1978",
	volume="26",
	number="4",
	pages="294--297",
	month="April"}

@article{cermak70,
	author="I. A. Cermak and P. Silvester and S. K. Wong",
	title="Capacitive Determination for Infinite Interdigital Structures",
	journal="{IEEE} Transactions on Microwave Theory and Techniques",
	year="1970",
	volume="18",
	number="2",
	pages="116",
	month="February",
	note="(Computer program description)"}

@article{zemani89,
	author="A. H. Zemanian and R. P. Tewarson and C. P. Ju and
		J. F. Jen",
	title="Three-Dimensional Capacitance Computations for {VLSI/ULSI}
		Interconnections",
	journal="{IEEE} Transactions on Computer-Aided Design",
	year="1989",
	volume="8",
	number="12",
	pages="1319--1326",
	month="December"}

@article{ruehli73,
	author="A. E. Ruehli and P. A. Brennan",
	title="Efficient Capacitance Calculations for Three-Dimensional
		Multiconductor Systems",
	journal="{IEEE} Transactions on Microwave Theory and Techniques",
	year="1973",
	volume="21",
	number="2",
	pages="76--82",
	month="February"}

@article{fuller70,
	author="J. A. Fuller and D. C. Chang",
	title="On the Numerical Calculation of Capacitance in the Presence of
		Edge Boundaries",
	journal="Proceedings of the {IEEE}",
	year="1970",
	volume="58",
	number="3",
	pages="490--491",
	month="March",
	note="(Letter)"}

@article{matzke89,
	author="W. E. Matzke and B. Heinemann and G. Telschow",
	title="On the Calculation of the Capacitance Coefficients for {VLSI}
		Multilevel Metalization Lines by Using Domain Methods",
	journal="{IEEE} Transactions on Electron Devices",
	year="1989",
	volume="36",
	number="2",
	pages="447--449",
	month="February",
	note="(Brief)"}

@inproceedings{mehreg90,
	author="M. Mehregany and P. Nagarkar and S. D. Senturia 
		and J. H. Lang",
	title="Operation of Microfabricated Harmonic and Ordinary Side-Drive
		Motors",
	booktitle="Proceedings of the {IEEE} Micro Electro Mechanical 
		Systems Conference",
	year="1990",
	pages="1--8",
	month="Feburary"}

@inproceedings{kumar90,
	author="S. Kumar and D. Cho",
	title="A Pertubation Method for Calculating the Capacitance of
		Electrostatic Motors",
	booktitle="Proceedings of the {IEEE} Micro Electro Mechanical 
		Systems Conference",
	year="1990",
	pages="27--33",
	month="Feburary"}

@inproceedings{vander89,
	author="N. P. van der Meijs and A. J. van Genderen",
	title="An Efficient Finite Element Method for Submicron {IC}
		Capacitance Extraction",
	booktitle="Proceedings of the 26-th {ACM/IEEE} Design Automation
		Conference",
	year="1989",
	pages="678--681",
	month="June"}

@inproceedings{mccorm84,
	author="S. P. McCormick",
	title="{EXCL}: A Circuit Extractor for {IC} Designs",
	booktitle="Proceedings of the 22-nd {ACM/IEEE} Design Automation
		Conference",
	year="1984",
	pages="624--628",
	month="June"}

@inproceedings{nabors91a,
	author="K. Nabors and S. Kim and J. White and S. Senturia",
	title="Fast Capacitance Extraction of General 
		Three-Dimensional Structures",
	booktitle="Proceedings of the 1991 {IEEE} International Conference
		on Computer Design: {VLSI} in Computers and Processors",
	year="1991",
	pages="479--484",
	month="October"}

@article{bostia71,
	author="C. W. Bostian and P. H. Wiley",
	title="Concerning the Moment Solution for the Charge Distribution on
		a Square Conducting Plate",
	journal="Proceedings of the {IEEE}",
	year="1971",
	volume="59",
	number="11",
	pages="1639",
	month="November",
	note="(Letter)"}

@article{balaba73,
	author="P. Balaban",
	title="Calculation of the Capacitance Coefficients of Planar
		Conductors on a Dielectric Surface",
	journal="{IEEE} Transactions on Circuit Theory",
	year="1973",
	volume="CT-20",
	number="6",
	pages="725--731",
	month="November"}

@article{benede76,
	author="P. Benedek",
	title="Capacitances of a Planar Multiconductor Configuration on a
		Dielectric Substrate by a Mixed Order Finite-Element Method",
	journal="{IEEE} Transactions on Circuits and Systems",
	year="1976",
	volume="CAS-23",
	number="5",
	pages="279--284",
	month="May"}

@article{patel71,
	author="P. Patel",
	title="Calculation of Capacitance Coefficients for a System of
		Irregular Finite Conductors on a Dielectric Sheet",
	journal="{IEEE} Transactions on Microwave Theory and Techniques",
	year="1971",
	volume="MTT-19",
	number="11",
	pages="862--869",
	month="November"}

@article{delbar89,
	author="W. Delbare and D. De Zutter",
	title="Space-Domain Green's Function Approach to the Capacitance
		Calculation of Multiconductor Lines in Multilayered
		Dielectrics with Improved Surface Charge Modeling",
	journal="{IEEE} Transactions on Microwave Theory and Techniques",
	year="1989",
	volume="37",
	number="10",
	pages="1562--1568",
	month="October"}

@article{clemen75,
	author="J. C. Clements and C. R. Paul and A. T. Adams",
	title="Computation of the Capacitance Matrix for Systems of
		Dielectric-Coated Cylindrical Conductors",
	journal="{IEEE} Transactions on Electromagnetic Compatibility",
	year="1975",
	volume="EMC-17",
	number="4",
	pages="238--248",
	month="November"}

@article{weeks70,
	author="W. T. Weeks",
	title="Calculation of Coefficients of Capacitance of Multiconductor
		Transmission Lines in the Presence of a Dielectric
		Interface",
	journal="{IEEE} Transactions on Microwave Theory and Techniques",
	year="1970",
	volume="MTT-18",
	number="1",
	pages="35--43",
	month="January"}

@article{premol75,
	author="A. Premoli",
	title="A New Fast and Accurate Algorithm for the Computation of
		Microstrip Capacitances",
	journal="{IEEE} Transactions on Microwave Theory and Techniques",
	year="1975",
	volume="MTT-23",
	number="8",
	pages="642--648",
	month="August"}

@article{rao84,
	author="S. M. Rao and T. K. Sarkar and R. F. Harrington",
	title="The Electrostatic Field of Conducting Bodies in
		Multiple Dielectric Media",
	journal="{IEEE} Transactions on Microwave Theory and Techniques",
	year="1984",
	volume="MTT-32",
	number="11",
	pages="1441--1448",
	month="November"}

@article{fukuda90,
	author="S. Fukuda and N. Shigyo and K. Kato and S. Nakamura",
	title="A {ULSI} 2-D Capacitance Simulator for Complex Structures
		Based on Actual Processes",
	journal="{IEEE} Transactions on Computer-Aided Design of Integrated
		Circuits and Systems",
	year="1990",
	volume="9",
	number="1",
	pages="39--47",
	month="January"}

@article{ning87,
	author="Z. Q. Ning and P. M. Dewilde and F. L. Neerhoff",
	title="Capacitance Coefficients for {VLSI} Multilevel Metallization
		Lines",
	journal="{IEEE} Transactions on Electron Devices",
	year="1987",
	volume="ED-34",
	number="3",
	pages="644--649",
	month="March"}

@article{ning88,
	author="Z. Q. Ning and P. M. Dewilde",
	title="SPIDER: Capacitance Modelling for {VLSI} Interconnections",
	journal="{IEEE} Transactions on Computer-Aided Design of
		Integrated Circuits and Systems",
	year="1988",
	volume="7",
	number="12",
	pages="1221--1228",
	month="December"}

@article{taylor86,
	author="C. D. Taylor and G. N. Elkhouri and T. E. Wade",
	title="On the Parasitic Capacitances of Multilevel Skewed
		Metallization Lines",
	journal="{IEEE} Transactions on Electron Devices",
	year="1986",
	volume="ED-33",
	number="1",
	pages="41--46",
	month="January"}

@article{farrar72,
	author="A. Farrar and A. T. Adams",
	title="Matrix Methods for Microstrip Three-Dimensional Problems",
	journal="{IEEE} Transactions on Microwave Theory and Techniques",
	year="1972",
	volume="MTT-20",
	number="8",
	pages="497--504",
	month="August"}

@article{benede72,
	author="P. Benedek and P. Silvester",
	title="Capacitance of Parallel Rectangular Plates Separated by a
		Dielectric Sheet",
	journal="{IEEE} Transactions on Microwave Theory and Techniques",
	year="1972",
	volume="MTT-20",
	number="8",
	pages="504--510",
	month="August"}

@article{guerri88,
	author="R. Guerrieri and A. Sangiovanni-Vincentelli",
	title="Three-Dimensional Capacitance Evaluation on a Connection
		Machine",
	journal="{IEEE} Transactions on Computer-Aided Design of Integrated
		Circuits and Systems",
	year="1988",
	volume="7",
	number="11",
	pages="1125--1133",
	month="November"}

@article{seidl88,
	author={A. Seidl and H. Klose and M. Svoboda and J. Oberndorfer and
		W. R\"{o}sner},
	title="{CAPCAL}---A 3-D Capacitance Solver for Support of {CAD} 
		Systems",
	journal="{IEEE} Transactions on Computer-Aided Design of Integrated
		Circuits and Systems",
	year="1988",
	volume="7",
	number="5",
	pages="549--556",
	month="May"}

@article{freema88,
	author="E. M. Freeman and D. A. Lowther",
	title="A Novel Mapping Technique for Open Boundary Finite-Element
		Solutions to Poisson's Equation",
	journal="{IEEE} Transactions on Magnetics",
	year="1988",
	volume="24",
	number="6",
	pages="2934--2935",
	month="?"}

@article{riblet86,
	author="H. J. Riblet",
	title="Improved Approximations for the Fringing and Shielded
		Slab-Line Capacitances",
	journal="{IEEE} Transactions on Microwave Theory and Techniques",
	year="1986",
	volume="MTT-34",
	number="11",
	pages="1125--1130",
	month="?"}

@article{bahran70,
	author="A. K. Bahrani",
	title={Comment on ``{Solution} of Laplace's Equation in a Region
		with Dielectric Interfaces of Arbitrary Shape''},
	journal="Proceedings of the {IEEE}",
	year="1970",
	volume="58",
	number="5",
	pages="794--795",
	month="May",
	note="(Letter)"}

@article{ahmado89,
	author="A. Ahmadouche and J. Chilo",
	title="Optimum Computation of Capacitance Coefficients of
		Multilevel Interconnecting Lines for Advanced Package",
	journal="{IEEE} Transactions on Components, Hybrids and 
		Manufacturing Technology",
	year="1989",
	volume="12",
	number="1",
	pages="124--129",
	month="March"}

@article{kitaza89,
	author="T. Kitazawa",
	title="Metalization Thickness Effect of Striplines with Anisotropic
		Media---Quasi-Static and Hybrid Mode Analysis",
	journal="{IEEE} Transactions on Microwave Theory and Techniques",
	year="1989",
	volume="37",
	number="4",
	pages="769--775",
	month="April"}

@article{boix90,
	author="R. R. Boix and M. Horno",
	title="Capacitance Computation of Elliptic Microstrip Disks
		in Biaxial Anisotropic Multilayered Substrates",
	journal="{IEEE} Transactions on Microwave Theory and Techniques",
	year="1990",
	volume="MTT-38",
	number="1",
	pages="30--37",
	month="January"}

@article{demuri89,
	author="S. N. Demurie and G. De Mey",
	title="Parasitic Capacitance Effects of Planar Resistors",
	journal="{IEEE} Transactions on Components, Hybrids and
		Manufacturing Technology",
	year="1989",
	volume="12",
	number="3",
	pages="348--351",
	month="September"}

@article{nabors91,
	author="K. Nabors and J. White",
	title="FastCap: A Multipole Accelerated {3-D} Capacitance
		Extraction Program",
	journal="{IEEE} Transactions on Computer-Aided Design 
		of Integrated Circuits and Systems",
	year="1991",
	volume="10",
	number="11",
	pages="1447--1459",
	month="November"}

%unpublished{nabors,
%	author="K. Nabors and J. White",
%	title="FastCap: A Multipole Accelerated 3-D Capacitance
%		Extraction Program",
%	note={To appear in {\em {IEEE} Transactions on Computer-Aided Design 
%		of Integrated Circuits and Systems}}}

%putatsignhere%article{,
%	author="",
%	title="",
%	journal="{IEEE} Transactions on ",
%	year="19",
%	volume="",
%	number="",
%	pages="",
%	month=""}
