%
% anything that is not a book or article
%
@techreport{greeng88a,
	author="L. Greengard and V. Rokhlin",
	title="On the Efficient Implementation of the Fast 
		Multipole Algorithm",
	institution="Yale University",
	year="1988",
	number="{YALEU/DCS/RR-602}",
	address="New Haven, Connecticut",
	month="February"}

@techreport{vavasi90,
	author="S. A. Vavasis",
	title="Preconditioning for Boundary Integral Equations
		(Preliminary Version)",
	institution="Cornell University",
	year="1990",
	address="Ithica, New York",
	month="March"}

@misc{nabors90,
	author="K. Nabors",
	title="Memo to {J. White} Regarding Capacitance Matrix Error",
	month="June",
	year="1990"}
