%
% things specific to the MTT paper
%
@inproceedings{maseeh90,
        author="F. Maseeh and R. M. Harris and S. D. Senturia",
        title="A {CAD} Architecture for Microelectromechanical Systems",
        booktitle="{IEEE} Micro Electro Mechanical Systems",
        year="1990",
        pages="44--49",
        address="Napa Valley, CA"}
@inproceedings{johnso91,
        author="B. P. Johnson and S. Kim and S. D. Senturia and J. White",
        title="{MEMCAD} Capacitance Calculations for Mechanically Deformed
                Square Diaphragm and Beam Microstructures",
        booktitle="Proceedings of Transducers 91",
        year="1991",
        month="June"}

@inproceedings{nabors91b,
        author="K. Nabors and S. Kim and J. White and S. D. Senturia",
        title="An Adaptive Multipole Algorithm for 3-D Capacitance
		Calculation",
        booktitle="Proceedings of the International Conference
		 on Computer Design",
        year="1991",
        month="October"}
